@inproceedings{esposito2024beyond,
  author    = {Matteo Esposito and Francesco Palagiano and Valentina Lenarduzzi and Davide Taibi},
  title     = {Beyond Words: On Large Language Models Actionability in Mission-Critical Risk Analysis},
  booktitle = {Proceedings of the 18th ACM / IEEE International Symposium on Empirical Software Engineering and Measurement (ESEM '24)},
  year      = {2024},
  month     = {October},
  address   = {Barcelona, Spain},
  publisher = {ACM},
  doi       = {10.1145/3674805.3695401},
  url       = {https://doi.org/10.1145/3674805.3695401},
  isbn      = {979-8-4007-1047-6}
}

@dataset{esposito2024dataset,
  author    = {Matteo Esposito and Francesco Palagiano and Valentina Lenarduzzi and Davide Taibi},
  title     = {Mission-Critical Risk Analysis Dataset},
  year      = {2024},
  publisher = {University of Oulu},
  url       = {https://zenodo.org/doi/10.5281/zenodo.10960013},
  note      = {Dataset used for evaluating Large Language Models in risk analysis.}
}

@techreport{NationalSecurity1995,
  author    = {{National Security Authority}},
  year      = {1995},
  title     = {PCM-ANS TI-002: Security Standard for Military EAD Systems/Networks},
  institution = {Presidency of the Council of Ministers, Italy},
  number    = {Regulation PCM-ANS TI-002},
  note      = {Confidential document, referenced in Esposito et al. (2024).}
}